@online{Hetloonv82,
	author = {Jobat},
	title = {Het loon van een junior .NET Software Engineer: 1.400 euro netto - Jobat.be},
	url = {http://www.jobat.be/nl/artikels/het-loon-van-een-junior-net-software-engineer-1400-euro-netto},
}

@online{solutions2013,
	author = {vBulletin Solutions},
	title = {Wat is uw brutoloon? - Deel 5 - Pagina 88},
	url = {https://www.9lives.be/forum/werk-studie/893551-wat-uw-brutoloon-deel-5-a-88.html\#post17419448},
	urldate =  {2016-11-29},
	year = 2013,
	month = 04,
	day = 16
}

@online{loonwijz35,
	author = {Jobat},
	title = {Loonwijzer starterslonen - Jobat.be},
	url = {http://www.jobat.be/nl/loonwijzer-starterslonen},
}

@online{Jobatvoo94,
	author = {Jobat},
	title = {Jobat, brutto netto calculator},
	url = {http://www.jobat.be/nl/test/bruto-netto-calculator},
}

@online{jobatloonstarter,
	author = {Jobat},
	title = {alles-over-het-loon-van-een-starter-in-ict},
	url = {http://www.jobat.be/nl/artikels/alles-over-het-loon-van-een-starter-in-ict},
}

@online{9livesstartersloon,
	author = {9Lives.be},
	title = {Startersloon ict-er},
	url = {https://www.9lives.be/forum/werk-studie/784185-startersloon-ict-er.html},
}

@online{accentjobsstartersloon,
	author = {accentjobs},
	title = {ken-je-startersloon},
	url = {https://www.accentjobs.be/nl/blog/2015/07/30/201406-ken-je-startersloon},
}

@online{tweakersonderzoekict,
	author = {tweakers},
	title = {wat-verdient-de-icter-tweakers-onderzoekt-de-arbeidsmarkt-wat-verdienen-icters},
	url = {https://tweakers.net/reviews/3806/2/wat-verdient-de-icter-tweakers-onderzoekt-de-arbeidsmarkt-wat-verdienen-icters.html},
}

@online{jobateisen2017icter,
	author = {Jobat},
	title = {job-van-iter-stelt-andere-eisen-de-informaticus-anno-2017},
	url = {http://www.jobat.be/nl/artikels/job-van-iter-stelt-andere-eisen-de-informaticus-anno-2017},
}

@online{hoealsictermeestverdienen,
	author = {Jobat},
	title = {hoe-als-icter-het-meest-verdienen},
	url = {http://www.jobat.be/nl/artikels/hoe-als-icter-het-meest-verdienen},
}

@online{Hoeveell43:online,
	author = {Detijd.be},
	title = {Hoeveel levert uw spaarinspanning op? | De Tijd},
	url = {http://netto.tijd.be/tool/62},
}


